@techreport{bachelor2020,
	author    = "Samset, Tomas and Bakken, Mads and Sandberg, Henrik and Nguyen, Eivind",
	title     = "Selvkjørende kjøretøy: En prototype med Raspberry Pi",
	institution = "Høyskolen Kristiania",
	?_type     = "", 
	?_number   = "",
	?_address  = "",
	year      = "2020",
	?_month    = "",
	?_note     = "",
}