@online{accenture_earning_report_2021,
    author="Accenture",
	title="Earnings Report - 2021",
	url ="https://newsroom.accenture.com/news/accenture-reports-very-strong-fourth-quarter-and-full-year-fiscal-2021-results.htm",
	urldate="2022-03-21",
	year="2021"
}

@online{accenture_about,
	author="Accenture",
	title="About Accenture",
	url ="https://www.accenture.com/no-en/about/company-index",
	urldate="2022-03-18",
	year="2022"
}

@online{ml_explained,
	author="Sara Brown",
	title="Machine learning, explained",
	url ="https://mitsloan.mit.edu/ideas-made-to-matter/machine-learning-explained",
	urldate="2022-03-18",
	date="2021-04-18"
}

@online{chinese_iov,
	author="{Chinese APEC Delegation}",
	title="White Paper of Internet of Vehicles (IoV)",
	url ="http://mddb.apec.org/Documents/2014/TEL/TEL50-PLEN/14_tel50_plen_020.pdf",
	urldate="2022-03-18",
	year="2014"
}

@online{delua_ibm,
	author="Julianna Delua",
	title="Supervised vs. Unsupervised Learning",
	url ="https://www.ibm.com/cloud/blog/supervised-vs-unsupervised-learning",
	urldate="2022-03-18",
	date="2021-03-12"
}

@book{iot_platforms,
	author = "Carna Zivkovic and Yajuan Guan and Cristoph Grimm",
	publisher = "Springer, Cham",
	title = "IoT Platforms, Use Cases, Privacy, and Business Models",
	subtitle="With Hands-on Examples Based on the VICINITY Platform",
	edition="1",
	year = "2020"
}


@online{kopestinsky,
	author="Alex Kopestinky",
	title="25 Astonishing Self-Driving Car Statistics for 2022",
	url ="https://policyadvice.net/insurance/insights/self-driving-car-statistics/",
	urldate="2022-03-21",
	date="2022-03-05"
}

@online{policy_advise,
	author="Ntb",
	title="Menneskelig svikt bak de fleste bilulykker",
	url ="https://www.aftenbladet.no/lokalt/i/Agpw3/menneskelig-svikt-bak-de-fleste-bilulykker",
	urldate="2022-03-18",
	date="2002-10-06"
}

@online{datatilsynet_personopplysning,
	author="Datatilsynet",
	title="Hva er en personopplysning?",
	url ="https://www.datatilsynet.no/rettigheter-og-plikter/personopplysninger/",
	urldate="2022-04-18",
	date="2019-07-17"
}

@online{iot_analytics,
	author="Satyajit Sinha",
	title="State of IoT 2021: Number of connected IoT devices growing 9\% to 12.3 billion globally, cellular IoT now surpassing 2 billion",
	url ="https://iot-analytics.com/number-connected-iot-devices/",
	urldate="2022-03-18",
	date="2021-09-22"
}

@online{synopsys_autonomous_car,
	author="Synopsys",
	title="What is an Autonomous Car?",
	url ="https://iot-analytics.com/number-connected-iot-devices/",
	urldate="2022-03-18"
}

@online{raspberrypi,
	author="{Raspberry Pi}",
	title="What is a Raspberry Pi?",
	url ="https://www.raspberrypi.org/help/what-%20is-a-raspberry-pi/",
	urldate="2022-04-13"
}

@online{artificial_intelligence,
	author="{IBM Cloud Education}",
	title="Artificial Intelligence (AI)",
	url ="http://ibm.com/cloud/learn/what-is-artificial-intelligence",
	urldate="2022-03-18",
	date="2020-06-03"
}

@inproceedings{iot_gateway,
	author		= "Qian Zhu and Ruicong Wang and Qi Chen and Yan Liu and Weijun Qin",
	title		= "2010 IEEE/IFIP International Conference on Embedded and Ubiquitous Computing",
	booktitle	= "IOT Gateway: BridgingWireless Sensor Networks into Internet of Things",
	year		= "2010",
	address="Beijing, China"
}

